<?xml version="1.0" encoding="UTF-8"?><collection xmlns="http://www.loc.gov/MARC21/slim"><record><leader>00541nam--2200181-i-4500</leader><controlfield tag="001">000016190</controlfield><controlfield tag="002">20161230</controlfield><controlfield tag="005">20161230201031</controlfield><controlfield tag="008">060222s1000------------r-----000-0-fre-d</controlfield><datafield ind1=" " ind2=" " tag="040"><subfield code="a">IFIN-HH</subfield></datafield><datafield ind1=" " ind2=" " tag="041"><subfield code="a">fre</subfield></datafield><datafield ind1=" " ind2=" " tag="080"><subfield code="a">539.17.015(043)</subfield></datafield><datafield ind1="1" ind2=" " tag="100"><subfield code="a">De Oliveira, Jesus</subfield></datafield><datafield ind1="1" ind2="0" tag="245"><subfield code="a">Applications des correlations angulaires perturbees a l'etude de composes solides du hafnium et du selenium</subfield><subfield code="b">These</subfield><subfield code="c">Jesus de oliveira</subfield></datafield><datafield ind1=" " ind2=" " tag="260"><subfield code="a">Grenoble</subfield><subfield code="b">Universite</subfield><subfield code="c">1970</subfield></datafield><datafield ind1=" " ind2=" " tag="300"><subfield code="a">60P</subfield></datafield><datafield ind1=" " ind2=" " tag="852"><subfield code="a">77783</subfield><subfield code="c">539.17</subfield></datafield><datafield ind1=" " ind2=" " tag="CAT"><subfield code="a">Sys</subfield><subfield code="c">20120626</subfield><subfield code="h">134604</subfield></datafield></record></collection>